%%%%% article %%%%%

%%%%% my article %%%%%
@article{miyalab-cls,
	author	= {佐藤 克己},
	title	= {東京学芸大学 計算機科学研究室 (宮寺研究室) {\LaTeX} クラスファイルの開発},
	journal	= {東京学芸大学 合同中間発表会 予稿集},
	volume	= {99},
	number	= {99},
	pages	= {100--110},
	year	= {2016}
}

@book{latex2e,
	author = {奥村 晴彦},
	title = {{\LaTeX2e} 美文書作成入門 改訂第6版},
	publisher = {技術評論社},
	year = {2013},
}
